<record><leader>00000cas a22000007a 4500</leader><controlfield tag="001">11850114</controlfield><controlfield tag="008">850326d18841894wiuwr ne      0    0eng d</controlfield><datafield ind1=" " ind2=" " tag="010"><subfield code="a">sn 85040462 </subfield></datafield><datafield ind1=" " ind2=" " tag="040"><subfield code="a">NPV</subfield><subfield code="b">eng</subfield><subfield code="c">NPV</subfield><subfield code="d">OCLCQ</subfield></datafield><datafield ind1=" " ind2=" " tag="042"><subfield code="a">msc</subfield></datafield><datafield ind1=" " ind2=" " tag="043"><subfield code="a">n-us-wi</subfield></datafield><datafield ind1=" " ind2=" " tag="045"><subfield code="a">w8w9</subfield></datafield><datafield ind1=" " ind2=" " tag="052"><subfield code="a">4123</subfield><subfield code="b">D3</subfield></datafield><datafield ind1="0" ind2=" " tag="130"><subfield code="a">Sickle (Mazomanie, Wis. : 1884)</subfield></datafield><datafield ind1="1" ind2="4" tag="245"><subfield code="a">The sickle.</subfield></datafield><datafield ind1=" " ind2=" " tag="260"><subfield code="a">Mazomanie, Wis. :</subfield><subfield code="b">F.W. Johns,</subfield><subfield code="c">1884-</subfield></datafield><datafield ind1=" " ind2=" " tag="300"><subfield code="a">v. :</subfield><subfield code="b">ill.</subfield></datafield><datafield ind1=" " ind2=" " tag="310"><subfield code="a">Weekly</subfield></datafield><datafield ind1="0" ind2=" " tag="362"><subfield code="a">Vol. 11, no. 1 (Mar. 1, 1884)-</subfield></datafield><datafield ind1="1" ind2=" " tag="362"><subfield code="a">Ceased in Nov. 1894.</subfield></datafield><datafield ind1=" " ind2=" " tag="500"><subfield code="a">Editor: M.M. Adams, Nov. 28, 1891-July 1892.--R.C. Evans, Aug. 1892-Feb. 1893.--G.A. Smith, Mar.-Dec. 23, 1893.</subfield></datafield><datafield ind1=" " ind2=" " tag="530"><subfield code="a">Available on microfilm from The State Historical Society of Wisconsin.</subfield></datafield><datafield ind1=" " ind2=" " tag="752"><subfield code="a">United States</subfield><subfield code="b">Wisconsin</subfield><subfield code="c">Dane</subfield><subfield code="d">Mazomanie.</subfield></datafield><datafield ind1="0" ind2="0" tag="780"><subfield code="t">Weekly sickle</subfield><subfield code="w">(DLC)sn 85033166</subfield></datafield><datafield ind1="0" ind2="0" tag="785"><subfield code="t">Mazomanie sickle</subfield><subfield code="w">(DLC)sn 85040463</subfield></datafield><datafield ind1="1" ind2=" " tag="029"><subfield code="a">AU@</subfield><subfield code="b">000025801134</subfield></datafield></record>